% Encoding: UTF-8

@InCollection{Combettes2011,
  author    = {Patrick L. Combettes and Jean-Christophe Pesquet},
  booktitle = {Springer Optimization and Its Applications},
  publisher = {Springer New York},
  title     = {Proximal {S}plitting {M}ethods in {S}ignal {P}rocessing},
  year      = {2011},
  pages     = {185--212},
  doi       = {10.1007/978-1-4419-9569-8_10},
}

@Book{Deutsch2001,
  author    = {Frank Deutsch},
  publisher = {Springer New York},
  title     = {Best {A}pproximation in {I}nner {P}roduct {S}paces},
  year      = {2001},
  doi       = {10.1007/978-1-4684-9298-9},
}


@Article{Beck2009,
  author    = {Amir Beck and Marc Teboulle},
  journal   = {{SIMS}Siam Journal of Imaging Sciences },
  title     = {A {F}ast {I}terative {S}hrinkage-Thresholding {A}lgorithm for {L}inear {I}nverse {P}roblems},
  year      = {2009},
  number    = {2},
  pages     = {183–202},
  volume    = {1},
  doi       = {10.1137/080716542},
  publisher = {Society for Industrial and Applied Mathematics
  },
}

@Book{Bertsimas1997,
  author    = {Dimitris Bertsimas and John N Tsitsiklis},
  publisher = {Athena Scientific},
  title     = {Introduction to linear optimization},
  year      = {1997}
  },
}


@Article{Yann1991,
  author    = {Yann Brenier},
  journal   = {Communications on Pure and Applied Mathematics},
  title     = {Polar factorization and monotone rearrangement of vector-valued functions},
  year      = {1991},
  number    = {44},
  pages     = {375-417},
  volume    = {4},
  doi       = {10.1002/cpa.3160440402},
  publisher = {Wiley Periodicals}
  },
}


@Article{Combettes2007,
  author    = {Patrick L. Combettes and Jean-Christophe Pesquet},
  journal   = {{IEEE} Journal of Selected Topics in Signal Processing},
  title     = {A {D}ouglas--{R}achford {S}plitting {A}pproach to {N}onsmooth {C}onvex {V}ariational {S}ignal {R}ecovery},
  year      = {2007},
  month     = {dec},
  number    = {4},
  pages     = {564-574},
  volume    = {1},
  doi       = {10.1109/jstsp.2007.910264},
  publisher = {Institute of Electrical and Electronics Engineers ({IEEE})},
}

@Article{Combettes2005,
  author    = {Patrick L. Combettes and V.R. Wajs},
  journal   = {Multiscale Modeling and Simulation (MMS)},
  title     = {Signal recovery by proximal forward-backward splitting},
  year      = {2005},
  number    = {4},
  pages     = {1168-1200},
  publisher = {Athena Scientific}
  },
}


@Article{Kantorovich1942,
  author    = {Leonid V. Kantorovich},
  journal   = {Doklady Akademii Nauk SSSR (DAN SSSR), Proceedings of the USSR Academy of Sciences},
  title     = {On the Translocation of Masses},
  year      = {1942},
  number    = {7-8},
  pages     = {227-229},
  volume    = {37}
  },
}

@mastersthesis{Karush1939,
  author    = {W. Karush},
  school   = {Department of Mathematics, University of Chicago, Chicago, Illinois},
  title     = {Minima of Functions of Several Variables with Inequalities as Side Constraints},
  year      = {1939},
  PDF       = {http://wwwlib.umi.com/dxweb/details?doc_no=7371591}
  },
}

@Article{Achanta2012,
  author={R. {Achanta} and A. {Shaji} and K. {Smith} and A. {Lucchi} and P. {Fua} and S. {Süsstrunk}},
  journal={IEEE Transactions on Pattern Analysis and Machine Intelligence}, 
  title={SLIC Superpixels Compared to State-of-the-Art Superpixel Methods}, 
  year={2012},
  volume={34},
  number={11},
  pages={2274-2282},
  doi={10.1109/TPAMI.2012.120}}

@inproceedings{rabin:hal-01002830,
  TITLE = {{Adaptive Color Transfer With Relaxed Optimal Transport}},
  AUTHOR = {Rabin, Julien and Ferradans, Sira and Papadakis, Nicolas},
  URL = {https://hal.archives-ouvertes.fr/hal-01002830},
  NOTE = {5 pages},
  BOOKTITLE = {{IEEE international Conference on Image Processing}},
  ADDRESS = {Paris, France},
  PAGES = {5},
  YEAR = {2014},
  MONTH = Oct,
  KEYWORDS = {Image processing ; color transfer ; optimal transport ; convex optimization ; variational formulation ; filtering},
  PDF = {https://hal.archives-ouvertes.fr/hal-01002830/file/icip14_HAL.pdf},
  HAL_ID = {hal-01002830},
  HAL_VERSION = {v1},
}

@Article{Monge1781,
  author    = {Gaspard Monge},
  journal   = {Histoire de l'Académie Royale des Sciences de Paris, avec les Mémoires de Mathématique et de Physique pour la même année},
  title     = {Mémoire sur la théorie des déblais et des remblais},
  year      = {1781},
  pages     = {666–704},
  },
}


@Article{Nesterov1983,
  author={Nesterov, Y.},
  journal={Soviet
    Mathematics Doklady}, 
  title={A method for solving the convex programming problem with convergence rate $\mathcal{O}(1/k^2)$}, 
  year={1983},
  volume={269},
  number={3},
  pages={543-547}
  }

@phdthesis{papadakis:tel-01246096,
  TITLE = {{Optimal Transport for Image Processing}},
  AUTHOR = {Papadakis, Nicolas},
  URL = {https://hal.archives-ouvertes.fr/tel-01246096},
  SCHOOL = {{Universit{\'e} de Bordeaux ; Habilitation thesis}},
  YEAR = {2015},
  MONTH = Dec,
  KEYWORDS = {Generalized Wasserstein distance ; image processing ; image interpolation ; color transfer ; segmentation ; (non)convex optimization ; Distance de Wasserstein g{\'e}n{\'e}ralis{\'e}e ; optimisation (non)convexe ; transfert de couleur ; interpolation d'images},
  TYPE = {Habilitation {\`a} diriger des recherches},
  PDF = {https://hal.archives-ouvertes.fr/tel-01246096v8/file/hdr_hal2.pdf},
  HAL_ID = {tel-01246096},
  HAL_VERSION = {v8},
}

@InProceedings{Ferradans2013,
author="Ferradans, Sira
and Papadakis, Nicolas
and Rabin, Julien
and Peyr{\'e}, Gabriel
and Aujol, Jean-Fran{\c{c}}ois",
editor="Kuijper, Arjan
and Bredies, Kristian
and Pock, Thomas
and Bischof, Horst",
title="Regularized Discrete Optimal Transport",
booktitle="Scale Space and Variational Methods in Computer Vision",
year="2013",
publisher="Springer Berlin Heidelberg",
address="Berlin, Heidelberg",
pages="428--439",
isbn="978-3-642-38267-3"
}

@Book{Bauschke2011,
  author    = {Bauschke, Heinz and Combettes, Patrick},
  publisher = {Springer-Verlag},
  title     = {{C}onvex {A}nalysis and {M}onotone {O}perator {T}heory in {H}ilbert Spaces},
  year      = {2011},
}
@Book{Bauschke2017,
  author    = {Bauschke, Heinz and Combettes, Patrick},
  publisher = {Springer-Verlag},
  title     = {{C}onvex {A}nalysis and {M}onotone {O}perator {T}heory in {H}ilbert Spaces},
  edition   = {Second},
  year      = {2017},
}

@Article{Vialard,
  author={Vialard, François-Xavier},
  title={An elementary introduction to entropic regularization and proximal methods for numerical optimal transport}, 
  year={2019},
  pdf= {https://hal.archives-ouvertes.fr/hal-02303456/document},
  }

@Article{Cuturi13,
  author={Cuturi, Marco},
  journal={Advances in Neural Information}, 
  title={Sinkhorn distances: Lightspeed computation of optimal transport}, 
  year={2013},
  pages={2292-2300},
  }
  
@Article{Vu2011,
  author={V\~u, B.},
  journal={Adv. Comput. Math}, 
  title={A splitting algorithm for dual monotone inclusions involving cocoercive operators}, 
  year={2011},
  pages={667-681},
  }


@Article{PeyreCuturi,
  author    = {Cuturi, Marco and Peyr\'{e}, Gabriel},
  journal =  {Foundations and Trends in Machine Learning},
  title     = {Computational Optimal Transport},
  year      = {2019},
  pages     ={355-607},
  volume    ={11},
  number     = {5-6},
}


@Article{Condat12,
  author    = {Condat, Laurent},
  journal   = {Journal of Optimization Theory and Applications},
  title     = {A primal-dual splitting method for convex optimization involving Lipschitzian, proximable and linear composite terms},
  publisher ={Springer-Verlag},
  year      = {2013},
  pages     ={460-479},
  volume    ={158},
  number     = {2},
  pdf = {https://hal.archives-ouvertes.fr/hal-00609728/file/Condat-optim-JOTA-2013.pdf},
}



@InProceedings{Papadakis2015,
author="Rabin, Julien
and Papadakis, Nicolas",
editor="Nielsen, Frank
and Barbaresco, Fr{\'e}d{\'e}ric",
title="Non-convex Relaxation of Optimal Transport for Color Transfer Between Images",
booktitle="Geometric Science of Information",
year="2015",
publisher="Springer International Publishing",
address="Cham",
pages="87--95",
doi = {10.1007/978-3-319-25040-3_10},
isbn="978-3-319-25040-3"
}
@misc{GOTMI2015,
  author = {Julien Rabin and Nicolas Papadakis},
  title = {Color Transfer between images},
  year = {2015},
  note = {ANR JCJC Project GOTMI code repository},
  howpublished = {\url{https://www.math.u-bordeaux.fr/%7Enpapadak/GOTMI/codes/ColorTransfer.zip}},
}

@misc{chierchia2017proximity,
  title={The proximity operator repository (user’s guide)},
  author={Chierchia, G and Chouzenoux, E and Combettes, PL and Pesquet, JC},
  year={2017},
  publisher={Technical report. http://proximity-operator. net}
}






@InCollection{beck2017,
  author    = {Amir Beck},
  booktitle = {First-Order Methods in Optimization},
  publisher = {Society for Industrial and Applied Mathematics},
  title     = {Chapter 6: {T}he {P}roximal {O}perator},
  year      = {2017},
  month     = {oct},
  pages     = {129--177},
  doi       = {10.1137/1.9781611974997.ch6},
}



@misc{Pelfrey2015,
  author = {Brandon Pelfrey},
  title = {Complex Function Plotter},
  year = {2015},
  publisher = {GitHub},
  note = {GitHub repository},
  howpublished = {\url{https://github.com/brandonpelfrey/complex-function-plot}},
  commit = {4f57d6a0e4c030202a07a60bc1bb1ed1544bf679}
}

@Article{combettes2010proximity,
      title={Proximity for Sums of Composite Functions}, 
      author={Patrick L. Combettes and Dinh Dung and Bang Cong Vu},
      year={2010},
      URL = {https://arxiv.org/abs/1007.3535}
}
